<?xml version="1.0" encoding="UTF-8"?><collection xmlns="http://www.loc.gov/MARC21/slim"><record><leader>00443nam--2200169-i-4500</leader><controlfield tag="001">000035268</controlfield><controlfield tag="002">20161230</controlfield><controlfield tag="005">20161230201040</controlfield><controlfield tag="008">060222s1000------------r-----000-0-eng-d</controlfield><datafield ind1=" " ind2=" " tag="040"><subfield code="a">IFIN-HH</subfield></datafield><datafield ind1=" " ind2=" " tag="080"><subfield code="a">539.12:539.1</subfield></datafield><datafield ind1="1" ind2=" " tag="100"><subfield code="a">Paul, E.B</subfield></datafield><datafield ind1="1" ind2="0" tag="245"><subfield code="a">Nuclear and particle physics</subfield><subfield code="c">E.b. paul</subfield></datafield><datafield ind1=" " ind2=" " tag="260"><subfield code="a">Amsterdam-london</subfield><subfield code="b">North-holland Publishing Company</subfield><subfield code="c">1969</subfield></datafield><datafield ind1=" " ind2=" " tag="300"><subfield code="a">494P</subfield></datafield><datafield ind1=" " ind2=" " tag="852"><subfield code="a">31845</subfield><subfield code="c">539</subfield></datafield><datafield ind1=" " ind2=" " tag="CAT"><subfield code="a">Sys</subfield><subfield code="c">20111006</subfield><subfield code="h">091922</subfield></datafield></record></collection>